@book{BOOK.hssong2006,
  title={量子力学~(第二版)},
  author={宋鹤山},
  year={2006},
  publisher={大连理工大学出版社},
  address={大连}
}
@book{BOOK.Zhang2009,
  title={高等量子力学},
  author={张永德},
  year={2009},
  publisher={科学出版社},
  address={北京}
}
@article{Braginskii1974,
author = {Braginskii, Vladimir B. and Vorontsov, Yurii I.},
doi = {10.3367/UFNr.0114.197409b.0041},
issn = {0042-1294},
journal = {Uspekhi Fizicheskih Nauk},
number = {9},
pages = {41},
title = {{Quantum-mechanical limitations in macroscopic experiments and modern experimental technique}},
url = {http://ufn.ru/ru/articles/1974/9/b/},
volume = {114},
year = {1974}
}

@ARTICLE{Perelomov1969,
   author = {{Zel'Dovich}, B.~Y. and {Perelomov}, A.~M. and {Popov}, V.~S.
	},
    title = "{Relaxation of a Quantum Oscillator}",
  journal = {Soviet Journal of Experimental and Theoretical Physics},
     year = 1969,
    month = feb,
   volume = 28,
    pages = {308},
url = {http://jetp.ac.ru/cgi-bin/dn/e{\_}028{\_}02{\_}0308.pdf},
  adsnote = {Provided by the SAO/NASA Astrophysics Data System}
}

@article{Purdy2013a,
author = {Purdy, T. P. and Peterson, R. W. and Regal, C. A.},
doi = {10.1126/science.1231282},
isbn = {0036-8075$\backslash$r1095-9203},
issn = {0036-8075, 1095-9203},
journal = {Science},
number = {6121},
pages = {801--804},
pmid = {23413350},
title = {{Observation of Radiation Pressure Shot Noise on a Macroscopic Object}},
url = {http://www.sciencemag.org/content/339/6121/801{\%}5Cnhttp://www.sciencemag.org/content/339/6121/801.full.pdf},
volume = {339},
year = {2013}
}

@article{Giovannetti2001,
author = {Giovannetti, Vittorio and Vitali, David},
doi = {10.1103/PhysRevA.63.023812},
issn = {10502947},
journal = {Phys. Rev. A},
number = {2},
pages = {023812},
title = {{Phase-noise measurement in a cavity with a movable mirror undergoing quantum Brownian motion}},
volume = {63},
year = {2001}
}

@article{Barzanjeh2015,
author = {Barzanjeh, Shabir and Guha, Saikat and Weedbrook, Christian and Vitali, David and others},
doi = {10.1103/PhysRevLett.114.080503},
issn = {0031-9007},
journal = {Phys. Rev. Lett.},
month = {feb},
number = {8},
pages = {080503},
title = {{Microwave Quantum Illumination}},
url = {https://link.aps.org/doi/10.1103/PhysRevLett.114.080503},
volume = {114},
year = {2015}
}

@article{Pace1993,
author = {Pace, A. F. and Collett, M. J. and Walls, D. F.},
doi = {10.1103/PhysRevA.47.3173},
issn = {1050-2947},
journal = {Phys. Rev. A},
month = {apr},
number = {4},
pages = {3173--3189},
title = {{Quantum limits in interferometric detection of gravitational radiation}},
url = {https://link.aps.org/doi/10.1103/PhysRevA.47.3173},
volume = {47},
year = {1993}
}
@article{Miao2015,
  title = {Enhancing the Bandwidth of Gravitational-Wave Detectors with Unstable Optomechanical Filters},
  author = {Miao, Haixing and Ma, Yiqiu and Zhao, Chunnong and Chen, Yanbei},
  journal = {Phys. Rev. Lett.},
  volume = {115},
  issue = {21},
  pages = {211104},
  numpages = {5},
  year = {2015},
  month = {Nov},
  publisher = {American Physical Society},
  doi = {10.1103/PhysRevLett.115.211104},
  url = {https://link.aps.org/doi/10.1103/PhysRevLett.115.211104}
}
@article{Ma2014,
  title = {Narrowing the Filter-Cavity Bandwidth in Gravitational-Wave Detectors via Optomechanical Interaction},
  author = {Ma, Yiqiu and Danilishin, Shtefan L. and Zhao, Chunnong and others},
  journal = {Phys. Rev. Lett.},
  volume = {113},
  issue = {15},
  pages = {151102},
  numpages = {5},
  year = {2014},
  month = {Oct},
  publisher = {American Physical Society},
  doi = {10.1103/PhysRevLett.113.151102},
  url = {https://link.aps.org/doi/10.1103/PhysRevLett.113.151102}
}
@article{He2015,
author = {He, Yong},
doi = {10.1063/1.4916553},
issn = {0003-6951},
journal = {Appl. Phys. Lett.},
number = {12},
pages = {121905},
title = {{Sensitivity of optical mass sensor enhanced by optomechanical coupling}},
url = {http://dx.doi.org/10.1063/1.4916553},
volume = {106},
year = {2015}
}

@article{Jin-Jin2012,
author = {Jin-Jin Li and Ka-Di Zhu},
title = {Nonlinear optical mass sensor with an optomechanical microresonator},
journal = {App. Phys. Lett.},
volume = {101},
number = {14},
pages = {141905},
year = {2012},
doi = {10.1063/1.4757004},
URL = { http://dx.doi.org/10.1063/1.4757004 },
}

@article{Andrews2014,
author = {Andrews, R. W. and Peterson, R. W. and Purdy, T. P. and Cicak, K. and others},
doi = {10.1038/nphys2911},
issn = {1745-2473},
journal = {Nat. Phys.},
month = {mar},
number = {4},
pages = {321--326},
title = {{Bidirectional and efficient conversion between microwave and optical light}},
url = {http://dx.doi.org/10.1038/nphys2911},
volume = {10},
year = {2014}
}

@article{Barzanjeh2012,
author = {Barzanjeh, Sh and Abdi, M. and Milburn, G. J. and Tombesi, P. and Vitali, D.},
doi = {10.1103/PhysRevLett.109.130503},
issn = {0031-9007},
journal = {Phys. Rev. Lett.},
month = {sep},
number = {13},
pages = {130503},
title = {{Reversible Optical-to-Microwave Quantum Interface}},
url = {https://link.aps.org/doi/10.1103/PhysRevLett.109.130503},
volume = {109},
year = {2012}
}

@article{Hill2012,
author = {Hill, Jeff T and Safavi-Naeini, Amir H and Chan, Jasper and Painter, Oskar},
doi = {10.1038/ncomms2201},
issn = {2041-1723},
journal = {Nat. Commun.},
month = {nov},
pages = {1196},
publisher = {Nature Publishing Group},
title = {{Coherent optical wavelength conversion via cavity optomechanics}},
url = {http://www.ncbi.nlm.nih.gov/pubmed/23149741 http://www.nature.com/doifinder/10.1038/ncomms2201},
volume = {3},
year = {2012}
}
@article{Barzanjeh2011,
author = {Barzanjeh, Sh. and Vitali, D. and Tombesi, P. and Milburn, G. J.},
doi = {10.1103/PhysRevA.84.042342},
issn = {1050-2947},
journal = {Phys. Rev. A},
month = {oct},
number = {4},
pages = {42342},
title = {{Entangling optical and microwave cavity modes by means of a nanomechanical resonator}},
url = {http://link.aps.org/doi/10.1103/PhysRevA.84.042342},
volume = {84},
year = {2011}
}

@article{Zhang2015a,
author = {Zhang, Keye and Bariani, Francesco and Dong, Ying and Zhang, Weiping and Meystre, Pierre},
doi = {10.1103/PhysRevLett.114.113601},
issn = {0031-9007},
journal = {Phys. Rev. Lett.},
month = {mar},
number = {11},
pages = {113601},
title = {{Proposal for an Optomechanical Microwave Sensor at the Subphoton Level}},
url = {https://link.aps.org/doi/10.1103/PhysRevLett.114.113601},
volume = {114},
year = {2015}
}

@article{Anetsberger2011a,
author = {Anetsberger, G. and Gavartin, E. and Arcizet, O. and others},
issn = {1050-2947},
journal = {Phys. Rev. A},
month = {dec},
number = {6},
pages = {061804},
title = {{Measuring nanomechanical motion with an imprecision below the standard quantum limit}},
volume = {82},
year = {2010}
}

@article{Braginsky2000,
author = {Braginsky, Vladimir B.},
booktitle = {AIP Conf. Proc.},
doi = {10.1063/1.1291855},
isbn = {0094-243X 1-56396-944-0},
issn = {0094243X},
pages = {180--190},
primaryClass = {gr-qc},
publisher = {AIP},
title = {{Energetic quantum limit in large-scale interferometers}},
url = {http://aip.scitation.org/doi/abs/10.1063/1.1291855},
volume = {523},
year = {2000}
}

@article{Anetsberger2009,
author = {Anetsberger, G. and Arcizet, O. and Unterreithmeier, Q. P. and Rivi{\`{e}}re, R. and others},
doi = {10.1038/nphys1425},
issn = {1745-2473},
journal = {Nat. Phys.},
number = {12},
pages = {909--914},
publisher = {Nature Publishing Group},
title = {{Near-field cavity optomechanics with nanomechanical oscillators}},
volume = {5},
year = {2009}
}
@article{Clerk2010a,
author = {Clerk, a. a. and Devoret, M. H. and Girvin, S. M. and Marquardt, Florian and Schoelkopf, R. J.},
isbn = {0034-6861$\backslash$n1539-0756},
issn = {0034-6861},
journal = {Rev. Mod. Phys.},
number = {2},
pages = {1155--1208},
title = {{Introduction to quantum noise, measurement, and amplification}},
volume = {82},
year = {2010}
}

@article{Chen2013,
author = {Chen, Yanbei},
doi = {10.1088/0953-4075/46/10/104001},
isbn = {10.1088/0953-4075/46/10/104001},
issn = {0953-4075},
journal = {J. Phys. B At. Mol. Opt. Phys.},
number = {10},
pages = {104001},
title = {{Macroscopic quantum mechanics: theory and experimental concepts of optomechanics}},
url = {http://iopscience.iop.org/0953-4075/46/10/104001},
volume = {46},
year = {2013}
}

@article{Schliesser2009,
annote = {From Duplicate 2 (Resolved-sideband cooling and position measurement of a micromechanical oscillator close to the Heisenberg uncertainty limit - Schliesser, A; Arcizet, O; Rivi{\`{e}}re, R; Anetsberger, G; Kippenberg, T J)
reference 20},
author = {Schliesser, A. and Arcizet, O. and Rivi{\`{e}}re, R. and Anetsberger, G. and Kippenberg, T. J.},
doi = {10.1038/nphys1304},
isbn = {1745-2473},
issn = {1745-2473},
journal = {Nat. Phys.},
month = {jul},
number = {7},
pages = {509--514},
publisher = {Nature Publishing Group},
title = {{Resolved-sideband cooling and position measurement of a micromechanical oscillator close to the Heisenberg uncertainty limit}},
url = {http://www.nature.com/doifinder/10.1038/nphys1304 https://www.nature.com/nphys/journal/v5/n7/pdf/nphys1304.pdf},
volume = {5},
year = {2009}
}
@article{Braginsky1978Measurement,
  title={Measurement of Weak Forces in Physics Experiments},
  author={Braginsky, V. B. and Manukin, A. B. and Hamilton, William O.},
  journal={American Journal of Physics},
  volume={31},
  number={2},
  pages={51-52},
  year={1978},
}
